@book{posob,
    title = {Программирование. Криптографические алгоритмы: учебное пособие},
    author = {Майрова, С П and Завгородний, М Г},
    year = 2018,
    address = {Воронеж},
    publisher = {Издательский дом ВГУ}
}

@book{random_book,
    title = {Основы компьютерной алгебры с приложениями},
    author = {Акритас, А},
    address = {М.},
    publisher = {МИР},
    year = 1994
}

@book{python,
    title = {Программирование на Python 3. Подробное руководство},
    author = {Саммерфилд, М},
    publisher = {Символ-Плюс},
    year = 2009
}
